<record><leader>03544nam a2200541 i 4500</leader><controlfield tag="001">6679104</controlfield><controlfield tag="003">OCoLC</controlfield><controlfield tag="005">20140918173100.0</controlfield><controlfield tag="008">130823s2015    nyu           001 0 eng  </controlfield><datafield ind1=" " ind2=" " tag="010"><subfield code="a">  2013033592</subfield></datafield><datafield ind1="7" ind2=" " tag="016"><subfield code="a">016546891</subfield><subfield code="2">Uk</subfield></datafield><datafield ind1=" " ind2=" " tag="020"><subfield code="a">9780073511177 (hard copy : alk. paper)</subfield></datafield><datafield ind1=" " ind2=" " tag="020"><subfield code="a">007351117X (hard copy : alk. paper)</subfield></datafield><datafield ind1=" " ind2=" " tag="020"><subfield code="a">9780073518299 (student solutions manual)</subfield></datafield><datafield ind1=" " ind2=" " tag="035"><subfield code="a">ocn856879246</subfield></datafield><datafield ind1=" " ind2=" " tag="040"><subfield code="a">DLC</subfield><subfield code="b">eng</subfield><subfield code="e">rda</subfield><subfield code="c">DLC</subfield><subfield code="d">OCLCO</subfield><subfield code="d">UKMGB</subfield><subfield code="d">OCLCO</subfield><subfield code="d">OCLCF</subfield><subfield code="d">AEU</subfield></datafield><datafield ind1=" " ind2=" " tag="042"><subfield code="a">pcc</subfield></datafield><datafield ind1="0" ind2="0" tag="050"><subfield code="a">QD33.2</subfield><subfield code="b">.S55 2015</subfield></datafield><datafield ind1="0" ind2="0" tag="082"><subfield code="a">540</subfield><subfield code="2">23</subfield></datafield><datafield ind1=" " ind2=" " tag="090"><subfield code="a">QD 33 S576 2015</subfield><subfield code="b">AEU</subfield></datafield><datafield ind1="1" ind2=" " tag="100"><subfield code="a">Silberberg, Martin S.</subfield><subfield code="q">(Martin Stuart),</subfield><subfield code="d">1945-</subfield></datafield><datafield ind1="1" ind2="0" tag="245"><subfield code="a">Chemistry :</subfield><subfield code="b">the molecular nature of matter and change /</subfield><subfield code="c">Silberberg, Amateis.</subfield></datafield><datafield ind1=" " ind2=" " tag="250"><subfield code="a">Seventh edition.</subfield></datafield><datafield ind1=" " ind2="1" tag="264"><subfield code="a">New York, NY :</subfield><subfield code="b">McGraw-Hill Education,</subfield><subfield code="c">2015.</subfield></datafield><datafield ind1=" " ind2=" " tag="300"><subfield code="a">xxxi, 1099, A-50, G-17, C-2, I-28 pages :</subfield><subfield code="b">color illustrations ;</subfield><subfield code="c">28 cm</subfield></datafield><datafield ind1=" " ind2=" " tag="336"><subfield code="a">text</subfield><subfield code="2">rdacontent</subfield></datafield><datafield ind1=" " ind2=" " tag="337"><subfield code="a">unmediated</subfield><subfield code="2">rdamedia</subfield></datafield><datafield ind1=" " ind2=" " tag="338"><subfield code="a">volume</subfield><subfield code="2">rdacarrier</subfield></datafield><datafield ind1=" " ind2=" " tag="500"><subfield code="a">Accompanied by student solutions manual.</subfield></datafield><datafield ind1=" " ind2=" " tag="500"><subfield code="a">Includes index.</subfield></datafield><datafield ind1=" " ind2=" " tag="596"><subfield code="a">48</subfield></datafield><datafield ind1=" " ind2="0" tag="650"><subfield code="a">Chemistry</subfield><subfield code="v">Textbooks.</subfield></datafield><datafield ind1="1" ind2=" " tag="700"><subfield code="a">Amateis, Patricia.</subfield></datafield><datafield ind1=" " ind2=" " tag="926"><subfield code="a">QD 33 S576 2015</subfield><subfield code="w">LC</subfield><subfield code="c">1</subfield><subfield code="i">0162034552875</subfield><subfield code="d">3/11/2016</subfield><subfield code="e">3/11/2016</subfield><subfield code="k">RESERVES</subfield><subfield code="l">ON_SHELF</subfield><subfield code="m">UASCITECH</subfield><subfield code="n">130</subfield><subfield code="p">$150.00</subfield><subfield code="r">Y</subfield><subfield code="s">Y</subfield><subfield code="t">SHORT_LOAN</subfield><subfield code="u">9/18/2014</subfield></datafield><datafield ind1=" " ind2=" " tag="926"><subfield code="a">QD 33 S576 2015</subfield><subfield code="w">LC</subfield><subfield code="c">2</subfield><subfield code="i">0162034335768</subfield><subfield code="d">4/6/2017</subfield><subfield code="e">4/6/2017</subfield><subfield code="k">RESERVES</subfield><subfield code="l">ON_SHELF</subfield><subfield code="m">UASCITECH</subfield><subfield code="n">411</subfield><subfield code="p">$150.00</subfield><subfield code="r">Y</subfield><subfield code="s">Y</subfield><subfield code="t">SHORT_LOAN</subfield><subfield code="u">8/5/2015</subfield></datafield><datafield ind1=" " ind2=" " tag="926"><subfield code="a">QD 33 S576 2015</subfield><subfield code="w">LC</subfield><subfield code="c">3</subfield><subfield code="i">0162034335826</subfield><subfield code="d">4/5/2017</subfield><subfield code="e">4/5/2017</subfield><subfield code="k">RESERVES</subfield><subfield code="l">ON_SHELF</subfield><subfield code="m">UASCITECH</subfield><subfield code="n">308</subfield><subfield code="p">$150.00</subfield><subfield code="r">Y</subfield><subfield code="s">Y</subfield><subfield code="t">SHORT_LOAN</subfield><subfield code="u">8/5/2015</subfield></datafield><datafield ind1=" " ind2=" " tag="926"><subfield code="a">QD 33 S576 2015</subfield><subfield code="w">LC</subfield><subfield code="c">4</subfield><subfield code="i">0162033697895</subfield><subfield code="d">4/6/2017</subfield><subfield code="e">4/6/2017</subfield><subfield code="k">RESERVES</subfield><subfield code="l">ON_SHELF</subfield><subfield code="m">UASCITECH</subfield><subfield code="n">364</subfield><subfield code="p">$150.00</subfield><subfield code="r">Y</subfield><subfield code="s">Y</subfield><subfield code="t">SHORT_LOAN</subfield><subfield code="u">9/9/2015</subfield><subfield code="0">TEXTBOOK</subfield></datafield><datafield ind1=" " ind2=" " tag="926"><subfield code="a">QD 33 S576 2015</subfield><subfield code="w">LC</subfield><subfield code="c">5</subfield><subfield code="i">0162033697838</subfield><subfield code="d">4/4/2017</subfield><subfield code="e">4/4/2017</subfield><subfield code="k">RESERVES</subfield><subfield code="l">ON_SHELF</subfield><subfield code="m">UASCITECH</subfield><subfield code="n">333</subfield><subfield code="p">$150.00</subfield><subfield code="r">Y</subfield><subfield code="s">Y</subfield><subfield code="t">SHORT_LOAN</subfield><subfield code="u">9/9/2015</subfield><subfield code="0">TEXTBOOK</subfield></datafield><datafield ind1=" " ind2=" " tag="926"><subfield code="a">QD 33 S576 2015</subfield><subfield code="w">LC</subfield><subfield code="c">6</subfield><subfield code="i">0162033697770</subfield><subfield code="d">10/13/2016</subfield><subfield code="e">10/13/2016</subfield><subfield code="k">RESERVES</subfield><subfield code="l">ON_SHELF</subfield><subfield code="m">UASCITECH</subfield><subfield code="n">245</subfield><subfield code="p">$150.00</subfield><subfield code="r">Y</subfield><subfield code="s">Y</subfield><subfield code="t">SHORT_LOAN</subfield><subfield code="u">9/9/2015</subfield><subfield code="0">TEXTBOOK</subfield></datafield><datafield ind1=" " ind2=" " tag="926"><subfield code="a">QD 33 S576 2015</subfield><subfield code="w">LC</subfield><subfield code="c">7</subfield><subfield code="i">0162033697713</subfield><subfield code="d">4/10/2017</subfield><subfield code="e">4/10/2017</subfield><subfield code="k">RESERVES</subfield><subfield code="l">ON_SHELF</subfield><subfield code="m">UASCITECH</subfield><subfield code="n">428</subfield><subfield code="p">$150.00</subfield><subfield code="r">Y</subfield><subfield code="s">Y</subfield><subfield code="t">SHORT_LOAN</subfield><subfield code="u">9/9/2015</subfield><subfield code="0">TEXTBOOK</subfield></datafield><datafield ind1=" " ind2=" " tag="926"><subfield code="a">QD 33 S576 2015</subfield><subfield code="w">LC</subfield><subfield code="c">8</subfield><subfield code="i">0162033697655</subfield><subfield code="d">4/7/2017</subfield><subfield code="e">4/7/2017</subfield><subfield code="k">RESERVES</subfield><subfield code="l">ON_SHELF</subfield><subfield code="m">UASCITECH</subfield><subfield code="n">446</subfield><subfield code="p">$150.00</subfield><subfield code="r">Y</subfield><subfield code="s">Y</subfield><subfield code="t">SHORT_LOAN</subfield><subfield code="u">9/9/2015</subfield><subfield code="0">TEXTBOOK</subfield></datafield><datafield ind1=" " ind2=" " tag="926"><subfield code="a">QD 33 S576 2015 sol.man.</subfield><subfield code="w">LC</subfield><subfield code="c">1</subfield><subfield code="i">0162034335289</subfield><subfield code="d">10/18/2016</subfield><subfield code="e">10/18/2016</subfield><subfield code="k">RESERVES</subfield><subfield code="l">ON_SHELF</subfield><subfield code="m">UASCITECH</subfield><subfield code="n">14</subfield><subfield code="p">$150.00</subfield><subfield code="r">Y</subfield><subfield code="s">Y</subfield><subfield code="t">SHORT_LOAN</subfield><subfield code="u">8/5/2015</subfield></datafield><datafield ind1=" " ind2=" " tag="926"><subfield code="a">QD 33 S576 2015 sol.man.</subfield><subfield code="w">LC</subfield><subfield code="c">2</subfield><subfield code="i">0162034335347</subfield><subfield code="d">2/11/2017</subfield><subfield code="e">2/11/2017</subfield><subfield code="k">RESERVES</subfield><subfield code="l">ON_SHELF</subfield><subfield code="m">UASCITECH</subfield><subfield code="n">11</subfield><subfield code="p">$150.00</subfield><subfield code="r">Y</subfield><subfield code="s">Y</subfield><subfield code="t">SHORT_LOAN</subfield><subfield code="u">8/5/2015</subfield></datafield><datafield ind1=" " ind2=" " tag="926"><subfield code="a">QD 33 S576 2015 sol.man.</subfield><subfield code="w">LC</subfield><subfield code="c">3</subfield><subfield code="i">0162034335404</subfield><subfield code="d">3/28/2017</subfield><subfield code="e">3/28/2017</subfield><subfield code="k">RESERVES</subfield><subfield code="l">ON_SHELF</subfield><subfield code="m">UASCITECH</subfield><subfield code="n">29</subfield><subfield code="p">$150.00</subfield><subfield code="r">Y</subfield><subfield code="s">Y</subfield><subfield code="t">SHORT_LOAN</subfield><subfield code="u">8/5/2015</subfield></datafield><datafield ind1=" " ind2=" " tag="926"><subfield code="a">QD 33 S576 2015 sol.man.</subfield><subfield code="w">LC</subfield><subfield code="c">4</subfield><subfield code="i">0162034335461</subfield><subfield code="d">12/16/2016</subfield><subfield code="e">12/16/2016</subfield><subfield code="k">RESERVES</subfield><subfield code="l">ON_SHELF</subfield><subfield code="m">UASCITECH</subfield><subfield code="n">11</subfield><subfield code="p">$150.00</subfield><subfield code="r">Y</subfield><subfield code="s">Y</subfield><subfield code="t">SHORT_LOAN</subfield><subfield code="u">8/5/2015</subfield></datafield><datafield ind1=" " ind2=" " tag="926"><subfield code="a">QD 33 S576 2015 sol.man.</subfield><subfield code="w">LC</subfield><subfield code="c">5</subfield><subfield code="i">0162034335529</subfield><subfield code="d">4/19/2016</subfield><subfield code="e">4/19/2016</subfield><subfield code="k">RESERVES</subfield><subfield code="l">ON_SHELF</subfield><subfield code="m">UASCITECH</subfield><subfield code="n">24</subfield><subfield code="p">$150.00</subfield><subfield code="r">Y</subfield><subfield code="s">Y</subfield><subfield code="t">SHORT_LOAN</subfield><subfield code="u">8/5/2015</subfield></datafield><datafield ind1=" " ind2=" " tag="926"><subfield code="a">QD 33 S576 2015 sol.man.</subfield><subfield code="w">LC</subfield><subfield code="c">6</subfield><subfield code="i">0162034335586</subfield><subfield code="d">3/6/2017</subfield><subfield code="e">3/6/2017</subfield><subfield code="k">RESERVES</subfield><subfield code="l">ON_SHELF</subfield><subfield code="m">UASCITECH</subfield><subfield code="n">11</subfield><subfield code="p">$150.00</subfield><subfield code="r">Y</subfield><subfield code="s">Y</subfield><subfield code="t">SHORT_LOAN</subfield><subfield code="u">8/5/2015</subfield></datafield><datafield ind1=" " ind2=" " tag="926"><subfield code="a">QD 33 S576 2015 sol.man.</subfield><subfield code="w">LC</subfield><subfield code="c">7</subfield><subfield code="i">0162034335644</subfield><subfield code="d">3/11/2017</subfield><subfield code="e">3/11/2017</subfield><subfield code="k">RESERVES</subfield><subfield code="l">ON_SHELF</subfield><subfield code="m">UASCITECH</subfield><subfield code="n">12</subfield><subfield code="p">$150.00</subfield><subfield code="r">Y</subfield><subfield code="s">Y</subfield><subfield code="t">SHORT_LOAN</subfield><subfield code="u">8/5/2015</subfield></datafield></record>